@article {original_report,
	title = {A four-compartment PBPK heart model accounting for cardiac metabolism - model development and application},
	URL = {https://doi.org/10.1038/srep39494}
}