@article {A,
	title = {Corticosteroïden injectie | OLVG},
	URL = {https://www.olvg.nl/corticosteroiden-injectie}
}
@article {B,
	title = {Corticosteroiden (medicinfo.nl)},
	URL = {https://encyclopedie.medicinfo.nl/corticosteroiden}
}
@article {C,
	title = {Corticosteroïden - VND (nederland-davos.nl)},
	URL = {https://nederland-davos.nl/kennis/behandeling/corticosteroide/}
}
@article {D,
	title = {Corticosteroïden – Werking, Toepassingen, Bijwerkingen - Simpto.nl},
	URL = {https://www.simpto.nl/behandeling/corticosteroiden/}
}
